@Manual{HICUM_L2_Manual_v2p4p0,
    author    = {M. Schroter and A. Pawlak},
    title     = {{HICUM/L2: A geometry scalable physics-based compact bipolar transistor model}},
    year      = 2017,
    note      = {{Documentation of model version 2.4.0}}
},
@Manual{HICUM_L2_Manual_v3p0p0,
    author    = {M. Schroter and M. Krattenmacher},
    title     = {{HICUM/L2: A geometry scalable physics-based compact bipolar transistor model}},
    year      = 2019,
    note      = {{Documentation of model version 3.0.0}}
},
_next
